@book{HandbookOfCP,
 editor = {Rossi, Francesca and van Beek, Peter and Walsh, Toby},
 title = {Handbook of Constraint Programming},
 year = {2006},
 isbn = {9780080463803},
 publisher = {Elsevier Science Inc.},
 address = {New York, NY, USA}
}

@incollection{Filtering,
  author      = "Jean-Charles Regin",
  title       = "Global constraints and filtering algorithms",
  editor      = "Michela Milano",
  booktitle   = "Constraint and Integer Programming",
  publisher   = "Springer, Boston, MA",
  address     = "Oxford",
  year        = 2004,
  pages       = "89-135",
  chapter     = 4,
}

@article{Automata,
  author    = {Nicolas Beldiceanu and
               Mats Carlsson and
               Romuald Debruyne and
               Thierry Petit},
  title     = {Reformulation of Global Constraints Based on Constraints Checkers},
  journal   = {Constraints},
  volume    = {10},
  number    = {4},
  pages     = {339--362},
  year      = {2005}
}

@book{FormalLanguages1,
 editor = {Rozenberg, Grzegorz and Salomaa, Arto},
 title = {Handbook of Formal Languages, Vol. 1: Word, Language, Grammar},
 year = {1997},
 isbn = {3-540-60420-0},
 publisher = {Springer-Verlag},
 address = {Berlin, Heidelberg},
} 

@book{FormalLanguages2,
  editor    = {Grzegorz Rozenberg and
               Arto Salomaa},
  title     = {Handbook of Formal Languages, Volume 2. Linear Modeling: Background
               and Application},
  publisher = {Springer},
  year      = {1997},
  isbn      = {978-3-642-08230-6},
}

@article{Thompson,
author = {Xing, Guangming},
year = {2004},
month = {09},
pages = {1097-1106},
title = {Minimized Thompson NFA},
volume = {81},
journal = {Int. J. Comput. Math.},
doi = {10.1080/03057920412331272153}
}