@misc{OpenGL,
    title={OpenGL Programming},
    key={OpenGL},
    howpublished={Web pages: \url{https://en.wikibooks.org/wiki/OpenGL_Programming}},
    url={https://en.wikibooks.org/wiki/OpenGL_Programming}
}

@book{Standard,
    author={Jerzy Grębosz},
    title={Symfonia C++ Standard. Programowanie w języku C++ orientowane obiektowo. Tom I i II},
    publisher={Edition 2000},
    year={2010}
}

@book{Algorithms,
    author={Adam Drozdek},
    title={C++. Algorytmy i struktury danych},
    publisher={Helion},
    year={2004}
}

@book{CleanCode,
    author={Robert C. Martin},
    title={Czysty kod. Podręcznik dobrego programisty},
    publisher={Helion},
    year={2014}
}
